@article{irvine2024,
	author = {Irvine, B.},
	title = {{5 ways to improve cafe profit (without selling your soul)}},
	journal = {Seven Miles Coffee Roasters},
	year = {2024},
	month = {May 29},
	url = {https://www.sevenmiles.com.au/blogs/editorial/5-ways-to-improve-cafe-profit#:~:text=the%20average%20Net%20Profit%20for%20a%20Cafe%20in%20Australia%20is%20around%2010%25%20of%20sales},
	note = {Accessed April 30, 2024}
}

@article{khalil2024,
	author = {Khalil, S.},
	title = {{‘Omg’: Cafe owner’s income shocks Aussies}},
	journal = {News},
	year = {2024},
	month = {Mar. 11},
	url = {https://www.news.com.au/travel/travel-ideas/food-drink/aussie-cafe-owner-reveals-how-much-he-makes-a-year/news-story/6a3c346c21f47e3eb22905da8abf604a#:~:text=An%20Aussie%20cafe%20owner%20has%20revealed%20he%20makes%20%24300%2C000%20a%20year},
	note = {Accessed April 30, 2024}
}

@article{statista2024,
	author = {{Statista}},
	title = {{Monthly food services retail revenue Australia 2020-2024}},
	journal = {Statista},
	year = {2024},
	month = {Apr. 30},
	url = {https://www.statista.com/statistics/1186839/australia-monthly-cafe-restaurant-and-takeaway-food-services-retail-revenue/#:~:text=In%20March%202024%2C%20the%20monthly%20caf%C3%A9%2C%20restaurants%2C%20and%20takeaway%20food%20services%20retail%20revenue%20generated%20in%20Australia%20amounted%20to%20over%205.3%20billion%20Australian%20dollars},
	note = {Accessed April 30, 2024}
}